% This file was created with Citavi 6.10.0.0

@article{Ellison.2005,
 author = {Ellison, Glenn},
 year = {2005},
 title = {A Model of Add-on Pricing},
 url = {https://academic.oup.com/qje/article/120/2/585/1933948},
 urldate = {11.11.2021},
 pages = {585--637},
 volume = {120},
 number = {2},
 issn = {0033-5533},
 journal = {The Quarterly Journal of Economics},
 doi = {10.1093/qje/120.2.585},
 file = {Ellison 2005 - A Model of Add-On Pricing:Attachments/Ellison 2005 - A Model of Add-On Pricing.pdf:application/pdf}
}


@article{Gabaix.2006,
 author = {Gabaix, Xavier and Laibson, David},
 year = {2006},
 title = {Shrouded Attributes, Consumer Myopia, and Information Suppression in Competitive Markets},
 url = {http://nrs.harvard.edu/urn-3:HUL.InstRepos:4554333},
 urldate = {04.11.2021},
 pages = {505--540},
 volume = {121},
 number = {2},
 issn = {0033-5533},
 journal = {The Quarterly Journal of Economics},
 doi = {10.1162/qjec.2006.121.2.505},
 file = {3 Limited Attention and Competition:Attachments/3 Limited Attention and Competition.pdf:application/pdf}
}


@article{Shapiro.1995,
 author = {Shapiro, Carl},
 year = {1995},
 title = {Aftermarkets and Consumer Welfare: Making Sense of Kodak},
 url = {https://www.jstor.org/stable/40843290},
 urldate = {20.11.2021},
 pages = {483--511},
 volume = {63},
 number = {2},
 journal = {Antitrust Law Journal},
 file = {Shapiro 1995{\_}Aftermarkets and Consumer Welfare Making Sense of Kodak:Attachments/Shapiro 1995{\_}Aftermarkets and Consumer Welfare Making Sense of Kodak.pdf:application/pdf}
}


@book{Varian.2010,
 author = {Varian, Hal R.},
 year = {2010},
 title = {Intermediate microeconomics: A modern approach},
 keywords = {Microeconomics},
 address = {New York},
 edition = {8th ed.},
 publisher = {{W.W. Norton {\&} Co}},
 isbn = {9780393934243},
 file = {Intermediate Microeconomics - A Modern Approach 8E (Varian):Attachments/Intermediate Microeconomics - A Modern Approach 8E (Varian).pdf:application/pdf}
}


